<record><leader>00000cas a2200000 a 4500</leader><controlfield tag="001">28514709</controlfield><controlfield tag="008">930726c19689999iluwr ne      0   a0eng c</controlfield><datafield ind1=" " ind2=" " tag="010"><subfield code="a">sn 93055764 </subfield></datafield><datafield ind1=" " ind2=" " tag="040"><subfield code="a">NVF</subfield><subfield code="b">eng</subfield><subfield code="c">NVF</subfield><subfield code="d">NVF</subfield><subfield code="d">OCLCF</subfield><subfield code="d">OCLCO</subfield><subfield code="d">NVF</subfield></datafield><datafield ind1=" " ind2=" " tag="042"><subfield code="a">pcc</subfield></datafield><datafield ind1=" " ind2=" " tag="043"><subfield code="a">n-us-il</subfield></datafield><datafield ind1="0" ind2="4" tag="245"><subfield code="a">The Pike press.</subfield></datafield><datafield ind1=" " ind2=" " tag="260"><subfield code="a">Pittsfield, Ill. :</subfield><subfield code="b">Pike Press, Inc.,</subfield><subfield code="c">1968-</subfield></datafield><datafield ind1=" " ind2=" " tag="300"><subfield code="a">v.</subfield></datafield><datafield ind1=" " ind2=" " tag="310"><subfield code="a">Weekly</subfield></datafield><datafield ind1="0" ind2=" " tag="362"><subfield code="a">Apr. 3, 1968-</subfield></datafield><datafield ind1=" " ind2=" " tag="515"><subfield code="a">Issues for Apr. 26, 1988-  called also v. 146, no. 43-</subfield></datafield><datafield ind1=" " ind2=" " tag="580"><subfield code="a">Formed by the union of: Pike County Republican (Pittsfield, Ill.), and: Pike County Democrat-times, and: Independent press (Griggsville, Ill.).</subfield></datafield><datafield ind1=" " ind2="0" tag="651"><subfield code="a">Pittsfield (Ill.)</subfield><subfield code="v">Newspapers.</subfield></datafield><datafield ind1=" " ind2="0" tag="651"><subfield code="a">Pike County (Ill.)</subfield><subfield code="v">Newspapers.</subfield></datafield><datafield ind1=" " ind2="7" tag="651"><subfield code="a">Illinois</subfield><subfield code="z">Pike County.</subfield><subfield code="2">fast</subfield><subfield code="0">(OCoLC)fst01206336</subfield></datafield><datafield ind1=" " ind2="7" tag="651"><subfield code="a">Illinois</subfield><subfield code="z">Pittsfield.</subfield><subfield code="2">fast</subfield><subfield code="0">(OCoLC)fst01226733</subfield></datafield><datafield ind1=" " ind2="7" tag="655"><subfield code="a">Newspapers.</subfield><subfield code="2">fast</subfield><subfield code="0">(OCoLC)fst01423814</subfield></datafield><datafield ind1=" " ind2=" " tag="752"><subfield code="a">United States</subfield><subfield code="b">Illinois</subfield><subfield code="c">Pike County</subfield><subfield code="d">Pittsfield.</subfield></datafield><datafield ind1="1" ind2="4" tag="780"><subfield code="t">Pike County Republican (Pittsfield, Ill.)</subfield><subfield code="w">(DLC)sn 86086411</subfield><subfield code="w">(OCoLC)13344143</subfield></datafield><datafield ind1="1" ind2="4" tag="780"><subfield code="t">Pike County Democrat-times</subfield><subfield code="w">(DLC)sn 93055763</subfield><subfield code="w">(OCoLC)28514634</subfield></datafield><datafield ind1="1" ind2="4" tag="780"><subfield code="t">Independent press (Griggsville, Ill.)</subfield><subfield code="w">(DLC)sn 93055756</subfield><subfield code="w">(OCoLC)28485554</subfield></datafield><datafield ind1="1" ind2=" " tag="029"><subfield code="a">AU@</subfield><subfield code="b">000020745044</subfield></datafield></record>